@article{SIAM:Applebaum13,
  author    = {Benny Applebaum},
  title     = {Pseudorandom Generators with Long Stretch and Low Locality from Random
               Local One-Way Functions},
  journal   = {{SIAM} J. Comput.},
  volume    = {42},
  number    = {5},
  pages     = {2008--2037},
  year      = {2013}
}

@inproceedings{ow14,
  title={Goldreich's PRG: evidence for near-optimal polynomial stretch},
  author={ODonnell, Ryan and Witmer, David},
  booktitle={Computational Complexity (CCC), 2014 IEEE 29th Conference on},
  pages={1--12},
  year={2014},
  organization={IEEE}
}

@article{pollard1975monte,
  title={A MONTE OARLO METHOD FOR FACTORIZATION},
  author={POLLALRD, JM},
  year={1975}
}